<?xml version="1.0" encoding="UTF-8"?><record xmlns="http://www.loc.gov/MARC21/slim" xmlns:cinclude="http://apache.org/cocoon/include/1.0" xmlns:zs="http://www.loc.gov/zing/srw/">
  <leader>00482nz  a2200133n  4500</leader>
  <controlfield tag="001">n  85147254 </controlfield>
  <controlfield tag="003">DLC</controlfield>
  <controlfield tag="005">19851125095409.8</controlfield>
  <controlfield tag="008">851104n| acannaab|          |a ana |||  </controlfield>
  <datafield tag="010" ind1=" " ind2=" ">
    <subfield code="a">n  85147254 </subfield>
  </datafield>
  <datafield tag="040" ind1=" " ind2=" ">
    <subfield code="a">DLC</subfield>
    <subfield code="c">DLC</subfield>
    <subfield code="d">DLC</subfield>
  </datafield>
  <datafield tag="110" ind1="1" ind2="0">
    <subfield code="a">Nuevo León (Mexico : State)</subfield>
    <subfield code="t">Laws, etc.</subfield>
  </datafield>
  <datafield tag="410" ind1="1" ind2="0">
    <subfield code="a">Nuevo León (Mexico : State)</subfield>
    <subfield code="t">Compilación de la legislación vigente en el Estado de Nuevo León</subfield>
  </datafield>
  <datafield tag="670" ind1=" " ind2=" ">
    <subfield code="a">Its Compilación de la legislación vigente en el Estado de Nuevo León, 1985.</subfield>
  </datafield>
</record>